@techreport{INDICADORESEMPRESAS,
    title = {{INDICADORES B{\'{A}}SICOS DE TENENCIA Y USO DE TECNOLOG{\'{I}}AS DE LA INFORMACI{\'{O}}N Y COMUNICACI{\'{O}}N EN EMPRESAS}},
    url = {https://www.dane.gov.co/files/investigaciones/boletines/tic/pres_tic_empresas_2016.pdf}
}

@techreport{SindromeCarpiano,
    title = {{S{\'{i}}ndrome del t{\'{u}}nel carpiano}},
    url = {http://www.insht.es/InshtWeb/Contenidos/Documentacion/TextosOnline/Folletos/Ergonomia/Ficheros/Sindrome_tunel_carpiano.pdf}
}

@techreport{SindromeTratarlo,
    title = {{S{\'{i}}ndrome del T{\'{u}}nel del Carpo: Â¿Qu{\'{e}} es y c{\'{o}}mo tratarlo?}},
    url = {https://www.fsfb.org.co/wps/wcm/connect/fsfb/dfe2f4df-4352-41e3-a30e-0bd8e57f7d4c/S%C3%ADndrome+del+T%C3%BAnel+del+Carpo.pdf?MOD=AJPERES}
}