@phdthesis{MiguelAGonzalezPerez,
    title = {{TRABAJO FIN DE MASTER EN LA ESPECIALIDAD DE ERGONOMIA Y PSICOSOCIOLOG{\'{I}}A APLICADA}},
    author = {Miguel A Gonz{\'{a}}lez P{\'{e}}rez, Solpreplas SA},
    url = {https://reunir.unir.net/bitstream/handle/123456789/336/Gonzalez.MiguelA.pdf?sequence=1&isAllowed=y}
}

@misc{ManualDatos,
    title = {{Manual Pantallas Visualizaci{\'{o}}n Datos}},
    url = {https://www.egarsat.es/docs/pantallasvisualizacion/2.CoÌdigo de Buenas PraÌcticas-Pantallas visualizacion de datos.pdf}
}